<record><leader>00000cas a22000007a 4500</leader><controlfield tag="001">20696752</controlfield><controlfield tag="008">891127d19741997nduwr ne      0    0eng d</controlfield><datafield ind1=" " ind2=" " tag="010"><subfield code="a">sn 88076566 </subfield></datafield><datafield ind1=" " ind2=" " tag="040"><subfield code="a">NOP</subfield><subfield code="b">eng</subfield><subfield code="c">NOP</subfield><subfield code="d">HND</subfield><subfield code="d">DLC</subfield><subfield code="d">OCLCQ</subfield><subfield code="d">OCLCF</subfield><subfield code="d">OCLCO</subfield></datafield><datafield ind1="1" ind2=" " tag="029"><subfield code="a">AU@</subfield><subfield code="b">000020581414</subfield></datafield><datafield ind1=" " ind2=" " tag="042"><subfield code="a">msc</subfield></datafield><datafield ind1=" " ind2=" " tag="043"><subfield code="a">n-us-nd</subfield></datafield><datafield ind1="0" ind2=" " tag="130"><subfield code="a">Larimore leader (Larimore, N.D. : 1974)</subfield></datafield><datafield ind1="0" ind2="4" tag="245"><subfield code="a">The Larimore leader.</subfield></datafield><datafield ind1="1" ind2="3" tag="246"><subfield code="a">New Larimore leader</subfield></datafield><datafield ind1=" " ind2=" " tag="260"><subfield code="a">Larimore, Grand Forks County, N.D. :</subfield><subfield code="b">Lloyd Engen,</subfield><subfield code="c">1974-1997.</subfield></datafield><datafield ind1=" " ind2=" " tag="300"><subfield code="a">v. :</subfield><subfield code="b">ill. ;</subfield><subfield code="c">38-45 cm.</subfield></datafield><datafield ind1=" " ind2=" " tag="310"><subfield code="a">Weekly</subfield></datafield><datafield ind1="0" ind2=" " tag="362"><subfield code="a">Vol. 6, no. 19 (July 10, 1974)-v. 76, no. 9 (May 1, 1997).</subfield></datafield><datafield ind1=" " ind2=" " tag="500"><subfield code="a">"Official Newspaper of the City of Larimore", 1974-1976.</subfield></datafield><datafield ind1=" " ind2=" " tag="500"><subfield code="a">Publisher's block title: New Larimore leader, 1974-Sept. 10, 1975.</subfield></datafield><datafield ind1=" " ind2=" " tag="530"><subfield code="a">Available on microfilm from the State Historical Society of North Dakota.</subfield></datafield><datafield ind1=" " ind2="0" tag="651"><subfield code="a">Larimore (N.D.)</subfield><subfield code="v">Newspapers.</subfield></datafield><datafield ind1=" " ind2="7" tag="655"><subfield code="a">Newspapers.</subfield><subfield code="2">fast</subfield><subfield code="0">(OCoLC)fst01423814</subfield></datafield><datafield ind1=" " ind2="7" tag="651"><subfield code="a">North Dakota</subfield><subfield code="z">Larimore.</subfield><subfield code="2">fast</subfield><subfield code="0">(OCoLC)fst01237871</subfield></datafield><datafield ind1=" " ind2=" " tag="752"><subfield code="a">United States</subfield><subfield code="b">North Dakota</subfield><subfield code="c">Grand Forks</subfield><subfield code="d">Larimore.</subfield></datafield><datafield ind1="0" ind2="0" tag="780"><subfield code="t">New Larimore leader</subfield><subfield code="w">(DLC)sn 88076565</subfield></datafield><datafield ind1="0" ind2="0" tag="785"><subfield code="t">Leader-tribune (Fordville, N.D. : 1997)</subfield><subfield code="w">(DLC)sn 97058195</subfield><subfield code="w">(OCoLC)36952783</subfield></datafield></record>